@inproceedings{andalibi2017sensitive,
  title={Sensitive self-disclosures, responses, and social support on Instagram: The case of\# depression},
  author={Andalibi, Nazanin and Ozturk, Pinar and Forte, Andrea},
  booktitle={Proceedings of the 2017 ACM conference on computer supported cooperative work and social computing},
  pages={1485--1500},
  year={2017}
}

@article{localhousing2023,
  author = {Local Housing Solutions},
  title = {Why Housing Matters},
  year = {2023},
  url = {https://localhousingsolutions.org/bridge/why-housing-matters/},
  note = {Accessed: 2025-02-25}
}

@article{brookings2023,
  author    = {Andre M. Perry and Jonathan Rothwell and David Harshbarger},
  title     = {Homeownership, racial segregation, and policies for racial wealth equity},
  year      = {2023},
  journal   = {Brookings Institution},
  url       = {https://www.brookings.edu/articles/homeownership-racial-segregation-and-policies-for-racial-wealth-equity/},
  note      = {Accessed: 2025-02-25}
}

@article{investopedia2023,
  author = {Investopedia},
  title = {Mortgage Process Explained},
  year = {2023},
  url = {https://www.investopedia.com/mortgage-process-explained-5213694},
    note = {Accessed: 2025-02-25}
}

@techreport{mba2024,
  author = {Mortgage Bankers Association},
  title = {Algorithmic Property Data Collection},
  year = {2024},
  url = {https://www.mba.org/docs/default-source/policy/mba_worksession_propertydatacollection_2.27.24.pdf?sfvrsn=f2caae76_1},
  note = {Accessed: 2025-02-25}
}

@article{markup2021,
  author = {Emmanuel Martinez and Lauren Kirchner},
  title = {The Secret Bias Hidden in Mortgage-Approval Algorithms},
  journal = {The Markup},
  year = {2021},
  url = {https://themarkup.org},
  note = {Accessed: 2025-02-25}
}